% !Mode:: "TeX:UTF-8"

@ARTICLE{ziranzaihaifangzhide,
	author = {武艳敏},
	title = {自然灾害防治的百年历程与经验},
	journal = {人民论坛},
	year = {2021},
	authoraddress = {郑州大学马克思主义研究院;郑州大学近现代河南与中国研究中心;},
	issue = {36},
	pages = {38-41},
	keywords = {中国共产党;自然灾害;灾害应对;基本经验},
	abstract = {百年来,中国共产党领导自然灾害防治历经了艰苦奋斗、破旧立新的新民主主义革命时期;擘画蓝图、奠基立业的社会主义革命和建设时期;快速发展、建章立制的改革开放和社会主义现代化建设新时期;高质量发展、理念更新的中国特色社会主义新时代,取得了一个又一个伟大胜利,为世界各国应对自然灾害提供了中国智慧和中国方案。在应对自然灾害的百年实践中,中国共产党积累了一系列基本经验:必须坚持中国共产党的领导;必须牢固树立人民至上的理念;必须广泛组织动员人民群众;必须发扬伟大斗争精神;必须坚持系统思维与底线思维,科学防治;必须注重发扬社会互助互济精神。},
	ISBN = {1004-3381},
	ISSN = {1004-3381},
	notes = {11-2961/D},
	databaseprovider = {CNKI},
	language = "zh",
}

@article{yuqingqing,
  title={我国无人机在应急救援中的应用与发展},
  author={俞青青 and 邢更力},
  journal={职业卫生与应急救援},
  volume={39},
  number={3},
  pages={350--355},
  year={2021},
  publisher={职业卫生与应急救援},
  language = "zh",
}

@article{liuyajing,
  title={末端无人机物流路径规划研究综述},
  author={刘亚京 and 吕文红 and 王国娟 and 梁璐莉},
  journal={物流技术},
  volume={6},
  year={2019},
  language = "zh",
}

@article{zhanghonghai,
  title={城市低空物流无人机航迹规划模型研究},
  author={张洪海 and 张连东 and 刘皞 and 钟罡},
  journal={交通运输系统工程与信息},
  volume={22},
  number={1},
  pages={256},
  language = "zh",
  year={2022}
}

@article{renxuan,
  title={车辆与无人机组合配送研究综述},
  author={任璇 and 黄辉 and 于少伟 and 封硕 and 梁工谦},
  journal={控制与决策},
  volume={36},
  number={10},
  pages={2313--2327},
  language = "zh",
  year={2021}
}

@article{lenstra1981complexity,
  title={Complexity of vehicle routing and scheduling problems},
  author={Lenstra, Jan Karel and Kan, AHG Rinnooy},
  journal={Networks},
  volume={11},
  number={2},
  pages={221--227},
  year={1981},
  publisher={Wiley Online Library}
}

@article{bektas2006multiple,
  title={The multiple traveling salesman problem: an overview of formulations and solution procedures},
  author={Bektas, Tolga},
  journal={omega},
  volume={34},
  number={3},
  pages={209--219},
  year={2006},
  publisher={Elsevier}
}

@article{ren2022vehicle,
  title={Vehicle routing optimization of logistics distribution based on genetic algorithm (VRPTW)},
  author={Ren, Haifeng},
  journal={Frontiers in Economics and Management},
  volume={3},
  number={1},
  pages={294--299},
  year={2022},
  publisher={Boya Century Publishing Limited}
}

@article{pan2021multi,
  title={Multi-trip time-dependent vehicle routing problem with time windows},
  author={Pan, Binbin and Zhang, Zhenzhen and Lim, Andrew},
  journal={European Journal of Operational Research},
  volume={291},
  number={1},
  pages={218--231},
  year={2021},
  publisher={Elsevier}
}

@article{fan2021time,
  title={Time-dependent multi-depot green vehicle routing problem with time windows considering temporal-spatial distance},
  author={Fan, Houming and Zhang, Yueguang and Tian, Panjun and Lv, Yingchun and Fan, Hao},
  journal={Computers \& Operations Research},
  volume={129},
  pages={105211},
  year={2021},
  publisher={Elsevier}
}

@article{saint2021time,
  title={Time-dependent stochastic vehicle routing problem with random requests: Application to online police patrol management in Brussels},
  author={Saint-Guillain, Michael and Paquay, C{\'e}lia and Limbourg, Sabine},
  journal={European Journal of Operational Research},
  volume={292},
  number={3},
  pages={869--885},
  year={2021},
  publisher={Elsevier}
}

@article{euchi2021hybrid,
  title={Hybrid genetic-sweep algorithm to solve the vehicle routing problem with drones},
  author={Euchi, Jalel and Sadok, Abdeljawed},
  journal={Physical Communication},
  volume={44},
  pages={101236},
  year={2021},
  publisher={Elsevier}
}

@article{lee2021simulated,
  title={A simulated annealing algorithm with a dual perturbation method for clustering},
  author={Lee, Julian and Perkins, David},
  journal={Pattern Recognition},
  volume={112},
  pages={107713},
  year={2021},
  publisher={Elsevier}
}

@article{wu2021hybrid,
  title={A hybrid ant colony algorithm based on multiple strategies for the vehicle routing problem with time windows},
  author={Wu, Hongguang and Gao, Yuelin and Wang, Wanting and Zhang, Ziyu},
  journal={Complex \& Intelligent Systems},
  pages={1--18},
  year={2021},
  publisher={Springer}
}

@article{ilhan2021improved,
  title={An improved simulated annealing algorithm with crossover operator for capacitated vehicle routing problem},
  author={{\.I}lhan, {\.I}LHAN},
  journal={Swarm and Evolutionary Computation},
  volume={64},
  pages={100911},
  year={2021},
  publisher={Elsevier}
}

@inproceedings{2008Sweep,
  title={Sweep Coverage with Mobile Sensors},
  author={ Cheng, W.  and  Li, M.  and  Liu, K.  and  Liu, Y.  and  Liao, X. },
  booktitle={Parallel and Distributed Processing, 2008. IPDPS 2008. IEEE International Symposium on},
  year={2008},
}

@inproceedings{2015Shorten,
  title={Shorten the Trajectory of Mobile Sensors in Sweep Coverage Problem},
  author={ Feng, Y.  and  Gao, X.  and  Fan, W.  and  Chen, G. },
  booktitle={IEEE Global Communications Conference},
  year={2015},
}

@article{2012zhao,
  title={[IEEE 2012 IEEE Wireless Communications and Networking Conference (WCNC) - Paris, France (2012.04.1-2012.04.4)] 2012 IEEE Wireless Communications and Networking Conference (WCNC) - Mobile sensor scheduling for timely sweep coverage},
  author={ Zhao, D.  and  Ma, H.  and  Liu, L. },
  year={2012},
}

@article{2019Energy,
  title={Energy-Constrained Multi-UAV Coverage Path Planning for an Aerial Imagery Mission Using Column Generation},
  author={ Choi, Y.  and  Choi, Y.  and  Briceno, S.  and  Mavris, D. N. },
  journal={Journal of Intelligent and Robotic Systems},
  year={2019},
}

@article{2020A,
  title={A Path Planning Method for Sweep Coverage With Multiple UAVs},
  author={ Li, J.  and  Xiong, Y.  and  She, J.  and  Wu, M. },
  journal={IEEE Internet of Things Journal},
  volume={PP},
  number={99},
  pages={1-1},
  year={2020},
}

@article{thibbotuwawa2020unmanned,
  title={Unmanned aerial vehicle routing problems: a literature review},
  author={Thibbotuwawa, Amila and Bocewicz, Grzegorz and Nielsen, Peter and Banaszak, Zbigniew},
  journal={Applied sciences},
  volume={10},
  number={13},
  pages={4504},
  year={2020},
  publisher={Multidisciplinary Digital Publishing Institute}
}

@article{jin2017,
  title={小型多旋翼无人机续航问题研究},
  author={金伽忆 and 朱烨 and 曾舒婷 and 夏庆锋},
  journal={电脑知识与技术：学术版},
  volume={13},
  number={6},
  pages={3},
  year={2017},
  language = "zh",
}

@article{chenhao2019,
  title={无人机在抢险救灾中的优化应用},
  author={陈昊 and 沈景凤 and 赵程},
  journal={电子科技},
  volume={32},
  number={9},
  pages={6},
  year={2019},
  language = "zh",
}

@article{shu2020,
  title={我国民用无人机管理法规与标准建设},
  author={舒振杰 and 张泽京},
  journal={中国减灾},
  year={2020},
}

@article{liuping2016,
  title={无人机送快递,助推物流业“智慧转型”},
  author={刘平},
  journal={金融经济},
  year={2016},
}

@article{hayat2016survey,
  title={Survey on unmanned aerial vehicle networks for civil applications: A communications viewpoint},
  author={Hayat, Samira and Yanmaz, Ev{\c{s}}en and Muzaffar, Raheeb},
  journal={IEEE Communications Surveys \& Tutorials},
  volume={18},
  number={4},
  pages={2624--2661},
  year={2016},
  publisher={IEEE}
}

@article{xumin2017,
  title={基于蜂窝网络的无人机通信研究},
  author={徐珉 and 胡南},
  journal={移动通信},
  volume={41},
  number={22},
  pages={23--28},
  year={2017}
}